



@article{reinsel2017data,
  title={Data age 2025: The evolution of data to life-critical},
  author={Reinsel, David and Gantz, John and Rydning, John},
  journal={Donâ€™t Focus on Big Data},
  volume={2},
  year={2017}
}

@article{samuel1959some,
  title={Some studies in machine learning using the game of checkers},
  author={Samuel, Arthur L},
  journal={IBM Journal of research and development},
  volume={3},
  number={3},
  pages={210--229},
  year={1959},
  publisher={IBM}
}


@book{mitchell1997machine,
  title={Machine learning},
  author={Mitchell, Tom M and others},
  year={1997},
  publisher={McGraw-hill New York}
}


@book{abu2012learning,
  title={Learning from data},
  author={Abu-Mostafa, Yaser S and Magdon-Ismail, Malik and Lin, Hsuan-Tien},
  volume={4},
  year={2012},
  publisher={AMLBook New York, NY, USA:}
}


@book{everitt2011cluster,
  title={Cluster analysis 5th ed},
  author={Everitt, Brian S and Landau, Sabine and Leese, Morven and Stahl, Daniel},
  year={2011},
  publisher={John Wiley}
}


@article{green1967cluster,
  title={Cluster analysis in test market selection},
  author={Green, Paul E and Frank, Ronald E and Robinson, Patrick J},
  journal={Management science},
  volume={13},
  number={8},
  pages={B--387},
  year={1967},
  publisher={INFORMS}
}

@book{chakrapani2004statistics,
  title={Statistics in market research},
  author={Chakrapani, Chuck},
  year={2004},
  publisher={Oxford University Press}
}


@article{faundez1996classification,
  title={Classification of planetary nebulae by cluster analysis and artificial neural networks},
  author={Fa{\'u}ndez-Abans, M and Ormeno, MI and de Oliveira-Abans, M},
  journal={Astronomy and Astrophysics Supplement Series},
  volume={116},
  number={2},
  pages={395--402},
  year={1996},
  publisher={EDP Sciences}
}


@article{celeux1992classification,
  title={A classification EM algorithm for clustering and two stochastic versions},
  author={Celeux, Gilles and Govaert, G{\'e}rard},
  journal={Computational statistics \& Data analysis},
  volume={14},
  number={3},
  pages={315--332},
  year={1992},
  publisher={Elsevier}
}


@article{eisen1998cluster,
  title={Cluster analysis and display of genome-wide expression patterns},
  author={Eisen, Michael B and Spellman, Paul T and Brown, Patrick O and Botstein, David},
  journal={Proceedings of the National Academy of Sciences},
  volume={95},
  number={25},
  pages={14863--14868},
  year={1998},
  publisher={National Acad Sciences}
}



@article{hodson1971numerical,
  title={Numerical typology and prehistoric archaeology},
  author={Hodson, Frank R},
  journal={Mathematics in the archaeological and historical Sciences},
  pages={30--45},
  year={1971},
  publisher={University Press, Edimburg}
}

@article{sutton1995cluster,
  title={Cluster analysis of the coprolites from Antelope House: implications for Anasazi diet and cuisine},
  author={Sutton, Mark Q and Reinhard, Karl J},
  journal={Journal of Archaeological Science},
  volume={22},
  number={6},
  pages={741--750},
  year={1995},
  publisher={Elsevier}
}

@article{jose2016automatic,
  title={Automatic clustering using nature-inspired metaheuristics: A survey},
  author={Jos{\'e}-Garc{\'\i}a, Ad{\'a}n and G{\'o}mez-Flores, Wilfrido},
  journal={Applied Soft Computing},
  volume={41},
  pages={192--213},
  year={2016},
  publisher={Elsevier}
}


@book{coello2007evolutionary,
  title={Evolutionary algorithms for solving multi-objective problems},
  author={Coello, Carlos A Coello and Lamont, Gary B and Van Veldhuizen, David A and others},
  volume={5},
  year={2007},
  publisher={Springer}
}


@BOOK{ClusterAnalysis,
    title = {Custer Analysis},
    publisher = {WILEY},
	address = {Berlin, Germany},
    year = {2011},
    author = {Everitt S., Brian and Landau, Sabine and Leese, Morven and Stahl Daniel},
}

@BOOK{Michalski:2013,
    title={Machine learning: An artificial intelligence approach},
    author={Michalski, {Ryszard S} and Carbonell, {Jaime G} and Mitchell, {Tom M}},
    year={2013},
    publisher={Springer Science \& Business Media}
}


@article{mukhopadhyay2013survey,
  title={A survey of multiobjective evolutionary algorithms for data mining: Part I},
  author={Mukhopadhyay, Anirban and Maulik, Ujjwal and Bandyopadhyay, Sanghamitra and Coello, Carlos Artemio Coello},
  journal={IEEE Transactions on Evolutionary Computation},
  volume={18},
  number={1},
  pages={4--19},
  year={2013},
  publisher={IEEE}
}


@inproceedings{macqueen1967some,
  title={Some methods for classification and analysis of multivariate observations},
  author={MacQueen, James and others},
  booktitle={Proceedings of the fifth Berkeley symposium on mathematical statistics and probability},
  volume={1},
  number={14},
  pages={281--297},
  year={1967},
  organization={Oakland, CA, USA}
  
}


@book{chapelle2006semi,
  title={Semi-supervised learning},
  author={Chapelle, Olivier and Scholkopf, Bernhard and Zien, Alexander},
  publisher={Cambridge, Massachusettes: The MIT Press View Article},
  year={2006}
}


@article{davidson2007survey,
  title={A survey of clustering with instance level constraints},
  author={Davidson, Ian and Basu, Sugato},
  journal={ACM Transactions on Knowledge Discovery from data},
  volume={1},
  number={1-41},
  pages={2--42},
  year={2007},
  publisher={ACM}
}


@book{basu2008constrained,
  title={Constrained clustering: Advances in algorithms, theory, and applications},
  author={Basu, Sugato and Davidson, Ian and Wagstaff, Kiri},
  year={2008},
  publisher={CRC Press}
}


@inproceedings{wagstaff2001constrained,
  title={Constrained k-means clustering with background knowledge},
  author={Wagstaff, Kiri and Cardie, Claire and Rogers, Seth and Schr{\"o}dl, Stefan and others},
  booktitle={Icml},
  volume={1},
  pages={577--584},
  year={2001}
}



@article{davidson2005hierarchical,
  title={Hierarchical clustering with constraints: Theory and practice},
  author={Davidson, Ian and Ravi, SS},
  journal={Proceedings of the ninth European principles and practice of KDD (PKDD)},
  pages={59--70},
  year={2005}
}



@inproceedings{basu2004active,
  title={Active semi-supervision for pairwise constrained clustering},
  author={Basu, Sugato and Banerjee, Arindam and Mooney, Raymond J},
  booktitle={Proceedings of the 2004 SIAM international conference on data mining},
  pages={333--344},
  year={2004},
  organization={SIAM}
}


@article{segal2003discovering,
  title={Discovering molecular pathways from protein interaction and gene expression data},
  author={Segal, Eran and Wang, Haidong and Koller, Daphne},
  journal={Bioinformatics},
  volume={19},
  number={suppl\_1},
  pages={i264--i272},
  year={2003},
  publisher={Oxford University Press}
}

@inproceedings{davidson2005clustering,
  title={Clustering with constraints: Feasibility issues and the k-means algorithm},
  author={Davidson, Ian and Ravi, SS},
  booktitle={Proceedings of the 2005 SIAM international conference on data mining},
  pages={138--149},
  year={2005},
  organization={SIAM}
}


@inproceedings{law2005model,
  title={Model-based clustering with probabilistic constraints},
  author={Law, Martin HC and Topchy, Alexander and Jain, Anil K},
  booktitle={Proceedings of the 2005 SIAM international conference on data mining},
  pages={641--645},
  year={2005},
  organization={SIAM}
}

@article{wagstaff2000clustering,
  title={Clustering with instance-level constraints},
  author={Wagstaff, Kiri and Cardie, Claire},
  journal={AAAI/IAAI},
  volume={1097},
  pages={577--584},
  year={2000}
}


@inproceedings{davidson2006measuring,
  title={Measuring constraint-set utility for partitional clustering algorithms},
  author={Davidson, Ian and Wagstaff, Kiri L and Basu, Sugato},
  booktitle={European conference on principles of data mining and knowledge discovery},
  pages={115--126},
  year={2006},
  organization={Springer}
}



@inproceedings{theodoridis1999pattern,
  title={Pattern recognition and neural networks},
  author={Theodoridis, Sergios and Koutroumbas, Konstantinos},
  booktitle={Advanced Course on Artificial Intelligence},
  pages={169--195},
  year={1999},
  organization={Springer}
}


@article{handl2007evolutionary,
  title={An evolutionary approach to multiobjective clustering},
  author={Handl, Julia and Knowles, Joshua},
  journal={IEEE transactions on Evolutionary Computation},
  volume={11},
  number={1},
  pages={56--76},
  year={2007},
  publisher={IEEE}
}


@article{calinski1974dendrite,
  title={A dendrite method for cluster analysis},
  author={Cali{\'n}ski, Tadeusz and Harabasz, Jerzy},
  journal={Communications in Statistics-theory and Methods},
  volume={3},
  number={1},
  pages={1--27},
  year={1974},
  publisher={Taylor \& Francis}
}


@article{davies1979cluster,
  title={A cluster separation measure},
  author={Davies, David L and Bouldin, Donald W},
  journal={IEEE transactions on pattern analysis and machine intelligence},
  number={2},
  pages={224--227},
  year={1979},
  publisher={IEEE}
}


@article{rousseeuw1987silhouettes,
  title={Silhouettes: a graphical aid to the interpretation and validation of cluster analysis},
  author={Rousseeuw, Peter J},
  journal={Journal of computational and applied mathematics},
  volume={20},
  pages={53--65},
  year={1987},
  publisher={Elsevier}
}


@book{miettinen2012nonlinear,
  title={Nonlinear multiobjective optimization},
  author={Miettinen, Kaisa},
  volume={12},
  year={2012},
  publisher={Springer Science \& Business Media}
}


@book{talbi2009metaheuristics,
  title={Metaheuristics: from design to implementation},
  author={Talbi, El-Ghazali},
  volume={74},
  year={2009},
  publisher={John Wiley \& Sons}
}

@article{kirkpatrick1983optimization,
  title={Optimization by simulated annealing},
  author={Kirkpatrick, Scott and Gelatt, C Daniel and Vecchi, Mario P},
  journal={science},
  volume={220},
  number={4598},
  pages={671--680},
  year={1983},
  publisher={American association for the advancement of science}
}

@article{glover1990tabu,
  title={Tabu search: A tutorial},
  author={Glover, Fred},
  journal={Interfaces},
  volume={20},
  number={4},
  pages={74--94},
  year={1990},
  publisher={INFORMS}
}

@article{dorigo1996ant,
  title={Ant system: optimization by a colony of cooperating agents},
  author={Dorigo, Marco and Maniezzo, Vittorio and Colorni, Alberto},
  journal={IEEE Transactions on Systems, Man, and Cybernetics, Part B (Cybernetics)},
  volume={26},
  number={1},
  pages={29--41},
  year={1996},
  publisher={IEEE}
}


@inproceedings{kennedy1995particle,
  title={Particle swarm optimization},
  author={Kennedy, James and Eberhart, Russell},
  booktitle={Proceedings of ICNN'95-international conference on neural networks},
  volume={4},
  pages={1942--1948},
  year={1995},
  organization={IEEE}
}


@book{holland1992adaptation,
  title={Adaptation in natural and artificial systems: an introductory analysis with applications to biology, control, and artificial intelligence},
  author={Holland, John Henry and others},
  year={1992},
  publisher={MIT press}
}


@inproceedings{sheikh2008genetic,
  title={Genetic algorithm based clustering: a survey},
  author={Sheikh, Rahila H and Raghuwanshi, Mukesh M and Jaiswal, Anil N},
  booktitle={2008 First International Conference on Emerging Trends in Engineering and Technology},
  pages={314--319},
  year={2008},
  organization={IEEE}
}

@article{storn1997differential,
  title={Differential evolution--a simple and efficient heuristic for global optimization over continuous spaces},
  author={Storn, Rainer and Price, Kenneth},
  journal={Journal of global optimization},
  volume={11},
  number={4},
  pages={341--359},
  year={1997},
  publisher={Springer}
}

@article{gonzalez2020dils,
  title={DILS: constrained clustering through dual iterative local search},
  author={Gonz{\'a}lez-Almagro, Germ{\'a}n and Luengo, Juli{\'a}n and Cano, Jos{\'e}-Ram{\'o}n and Garc{\'\i}a, Salvador},
  journal={Computers \& Operations Research},
  volume={121},
  pages={104979},
  year={2020},
  publisher={Elsevier}
}





@article{zhang2007moea,
  title={MOEA/D: A multiobjective evolutionary algorithm based on decomposition},
  author={Zhang, Qingfu and Li, Hui},
  journal={IEEE Transactions on evolutionary computation},
  volume={11},
  number={6},
  pages={712--731},
  year={2007},
  publisher={IEEE}
}


@article{tanabe2019framework,
  title={A framework to handle multimodal multiobjective optimization in decomposition-based evolutionary algorithms},
  author={Tanabe, Ryoji and Ishibuchi, Hisao},
  journal={IEEE Transactions on Evolutionary Computation},
  volume={24},
  number={4},
  pages={720--734},
  year={2019},
  publisher={IEEE}
}


@inproceedings{tanabe2018decomposition,
  title={A decomposition-based evolutionary algorithm for multi-modal multi-objective optimization},
  author={Tanabe, Ryoji and Ishibuchi, Hisao},
  booktitle={International conference on parallel problem solving from nature},
  pages={249--261},
  year={2018},
  organization={Springer}
}

@incollection{eshelman1993real,
  title={Real-coded genetic algorithms and interval-schemata},
  author={Eshelman, Larry J and Schaffer, J David},
  booktitle={Foundations of genetic algorithms},
  volume={2},
  pages={187--202},
  year={1993},
  publisher={Elsevier}
}

@article{deb1995simulated,
  title={Simulated binary crossover for continuous search space},
  author={Deb, Kalyanmoy and Agrawal, Ram Bhushan and others},
  journal={Complex systems},
  volume={9},
  number={2},
  pages={115--148},
  year={1995},
  publisher={Citeseer}
} 
 
@article{wang2015adaptive,
  title={Adaptive replacement strategies for MOEA/D},
  author={Wang, Zhenkun and Zhang, Qingfu and Zhou, Aimin and Gong, Maoguo and Jiao, Licheng},
  journal={IEEE transactions on cybernetics},
  volume={46},
  number={2},
  pages={474--486},
  year={2015},
  publisher={IEEE}

}


@article{zitzler2003performance,
  title={Performance assessment of multiobjective optimizers: An analysis and review},
  author={Zitzler, Eckart and Thiele, Lothar and Laumanns, Marco and Fonseca, Carlos M and Da Fonseca, Viviane Grunert},
  journal={IEEE Transactions on evolutionary computation},
  volume={7},
  number={2},
  pages={117--132},
  year={2003},
  publisher={IEEE}
}


@inproceedings{zitzler1998multiobjective,
  title={Multiobjective optimization using evolutionary algorithmsâ€”a comparative case study},
  author={Zitzler, Eckart and Thiele, Lothar},
  booktitle={International conference on parallel problem solving from nature},
  pages={292--301},
  year={1998},
  organization={Springer}
}


@article{beume2009complexity,
  title={On the complexity of computing the hypervolume indicator},
  author={Beume, Nicola and Fonseca, Carlos M and Lopez-Ibanez, Manuel and Paquete, Luis and Vahrenhold, Jan},
  journal={IEEE Transactions on Evolutionary Computation},
  volume={13},
  number={5},
  pages={1075--1082},
  year={2009},
  publisher={IEEE}
}





@article{benavoli2017time,
  title={Time for a change: a tutorial for comparing multiple classifiers through Bayesian analysis},
  author={Benavoli, Alessio and Corani, Giorgio and Dem{\v{s}}ar, Janez and Zaffalon, Marco},
  journal={The Journal of Machine Learning Research},
  volume={18},
  number={1},
  pages={2653--2688},
  year={2017},
  publisher={JMLR. org}
}

